<?xml version="1.0" encoding="UTF-8"?><record xmlns="http://www.loc.gov/MARC21/slim" xmlns:cinclude="http://apache.org/cocoon/include/1.0" xmlns:zs="http://www.loc.gov/zing/srw/">
  <leader>00479nz  a2200157n  4500</leader>
  <controlfield tag="001">nb2006003914</controlfield>
  <controlfield tag="003">DLC</controlfield>
  <controlfield tag="005">20060215051133.0</controlfield>
  <controlfield tag="008">060214n| acannaabn          |a aaa      </controlfield>
  <datafield tag="010" ind1=" " ind2=" ">
    <subfield code="a">nb2006003914</subfield>
  </datafield>
  <datafield tag="035" ind1=" " ind2=" ">
    <subfield code="a">(Uk)006400885</subfield>
  </datafield>
  <datafield tag="040" ind1=" " ind2=" ">
    <subfield code="a">Uk</subfield>
    <subfield code="b">eng</subfield>
    <subfield code="c">Uk</subfield>
  </datafield>
  <datafield tag="100" ind1="1" ind2=" ">
    <subfield code="a">Fraguas Garrido, Berta</subfield>
  </datafield>
  <datafield tag="400" ind1="1" ind2=" ">
    <subfield code="a">Garrido, Berta Fraguas</subfield>
  </datafield>
  <datafield tag="400" ind1="1" ind2=" ">
    <subfield code="a">Fraguas, Berta</subfield>
  </datafield>
  <datafield tag="670" ind1=" " ind2=" ">
    <subfield code="a">Qué son y qué quieren ser las fundaciones españolas?, 2004:</subfield>
    <subfield code="b">t.p. (Berta Fraguas Garrido) p.[5] (Berta Fraguas)</subfield>
  </datafield>
</record>